@online{w3owl2profiles,
  author = {World Wide Web Consortium},
  title = {OWL 2 Web Ontology Language Profiles (Second Edition)},
  year = 2012,
  url = {http://www.w3.org/TR/owl2-profiles},
  urldate = {2014-05-28}
}

@online{w3owl2new,
  author = {World Wide Web Consortium},
  title = {OWL 2 Web Ontology Language New Features and Rationale (Second Edition)},
  year = 2012,
  url = {http://www.w3.org/TR/owl2-new-features},
  urldate = {2014-05-28}
}

@online{w3owl2dirsem,
  author = {World Wide Web Consortium},
  title = {OWL 2 Web Ontology Language Direct Semantics (Second Edition)},
  year = 2012,
  url = {http://www.w3.org/TR/owl2-direct-semantics/},
  urldate = {2014-05-28}
}

@online{w3owl2overview,
  author = {World Wide Web Consortium},
  title = {OWL 2 Web Ontology Language Document Overview (Second Edition)},
  year = 2012,
  url = {http://www.w3.org/TR/owl2-overview/},
  urldate = {2014-05-28}
}
http://www.w3.org/TR/owl-guide/
@online{w3owl1guide,
  author = {World Wide Web Consortium},
  title = {OWL Web Ontology Language Guide},
  year = 2012,
  url = {http://www.w3.org/TR/owl2-overview/},
  urldate = {2014-05-28}
}

@article{nextowlstep,
  title={OWL 2: The next step for OWL},
  author={Grau, Bernardo Cuenca and Horrocks, Ian and Motik, Boris and Parsia, Bijan and Patel-Schneider, Peter and Sattler, Ulrike},
  journal={Web Semantics: Science, Services and Agents on the World Wide Web},
  volume={6},
  number={4},
  pages={309--322},
  year={2008},
  publisher={Elsevier}
}
@incollection{oelanguagesurvey,
  title={Survey on Ontology Languages},
  author={Kalibatiene, Diana and Vasilecas, Olegas},
  booktitle={Perspectives in Business Informatics Research},
  pages={124--141},
  year={2011},
  publisher={Springer}
}

@article{funkysurvey,
  title={Survey on Ontology Languages},
  author={Abburu, Sunitha and Babu, G Suresh},
  journal={Artificial Intelligent Systems and Machine Learning},
  volume={5},
  number={11},
  pages={440--445},
  year={2013}
}

